<?xml version="1.0" encoding="UTF-8"?>
<record xmlns="http://www.loc.gov/MARC21/slim" xmlns:xsi="http://www.w3.org/2001/XMLSchema-instance" xsi:schemaLocation="http://www.loc.gov/MARC21/slim http://www.loc.gov/standards/marcxml/schema/MARC21slim.xsd">
<leader>00000cam a22      a 4500</leader>
<controlfield tag="001">002739439</controlfield>
<controlfield tag="003">NNU</controlfield>
<controlfield tag="005">20141110184634.0</controlfield>
<controlfield tag="008">841016s1939    ua            000 0 arard</controlfield>
<datafield tag="010" ind1=" " ind2=" ">
<subfield code="a">   82960216</subfield>
</datafield>
<datafield tag="035" ind1=" " ind2=" ">
<subfield code="a">(OCoLC)11272546</subfield>
<subfield code="z">(OCoLC)19374726</subfield>
</datafield>
<datafield tag="040" ind1=" " ind2=" ">
<subfield code="a">IXA</subfield>
<subfield code="b">eng</subfield>
<subfield code="c">IXA</subfield>
<subfield code="d">OCLCG</subfield>
<subfield code="d">CUY</subfield>
<subfield code="d">DLC</subfield>
<subfield code="d">OCLCQ</subfield>
<subfield code="d">OCLCO</subfield>
<subfield code="d">OCLCF</subfield>
<subfield code="d">NNU</subfield>
</datafield>
<datafield tag="050" ind1=" " ind2="4">
<subfield code="a">PJ6161</subfield>
<subfield code="b">.S89 1939</subfield>
</datafield>
<datafield tag="100" ind1="0" ind2=" ">
<subfield code="6">880-01</subfield>
<subfield code="a">Suyūṭī,</subfield>
<subfield code="d">1445-1505.</subfield>
</datafield>
<datafield tag="245" ind1="1" ind2="0">
<subfield code="6">880-02</subfield>
<subfield code="a">Sharḥ ʻuqūd al-jumān fī ʻilm al-maʻānī wa-al-bayān /</subfield>
<subfield code="c">taʼlīf Jalāl al-Dīn ʻAbd al-Raḥmān al-Suyūṭī. Wa-bi-hamishihi Ḥilyat al-lubb al-maṣūn ʻalá al-jawhar al-maknūn / Aḥmad al-Damanhūrī.</subfield>
</datafield>
<datafield tag="246" ind1="3" ind2=" ">
<subfield code="6">880-03</subfield>
<subfield code="a">ʻUqūd al-jumān</subfield>
</datafield>
<datafield tag="246" ind1="3" ind2=" ">
<subfield code="6">880-04</subfield>
<subfield code="a">Jawāhir al-maknūn</subfield>
</datafield>
<datafield tag="246" ind1="3" ind2=" ">
<subfield code="6">880-05</subfield>
<subfield code="a">Ḥilyat al-lubb al-maṣūn</subfield>
</datafield>
<datafield tag="260" ind1=" " ind2=" ">
<subfield code="6">880-06</subfield>
<subfield code="a">[al-Qāhirah] :</subfield>
<subfield code="b">Maṭbaʻat Muṣṭafá al-Bābī al-Ḥalabī,</subfield>
<subfield code="c">1939.</subfield>
</datafield>
<datafield tag="300" ind1=" " ind2=" ">
<subfield code="a">180 pages ;</subfield>
<subfield code="c">29 cm</subfield>
</datafield>
<datafield tag="336" ind1=" " ind2=" ">
<subfield code="a">text</subfield>
<subfield code="b">txt</subfield>
<subfield code="2">rdacontent</subfield>
</datafield>
<datafield tag="337" ind1=" " ind2=" ">
<subfield code="a">unmediated</subfield>
<subfield code="b">n</subfield>
<subfield code="2">rdamedia</subfield>
</datafield>
<datafield tag="338" ind1=" " ind2=" ">
<subfield code="a">volume</subfield>
<subfield code="b">nc</subfield>
<subfield code="2">rdacarrier</subfield>
</datafield>
<datafield tag="650" ind1=" " ind2="0">
<subfield code="a">Arabic language</subfield>
<subfield code="x">Rhetoric.</subfield>
</datafield>
<datafield tag="650" ind1=" " ind2="7">
<subfield code="a">Arabic language</subfield>
<subfield code="x">Rhetoric.</subfield>
<subfield code="2">fast</subfield>
<subfield code="0">(OCoLC)fst00812415</subfield>
</datafield>
<datafield tag="700" ind1="0" ind2=" ">
<subfield code="6">880-07</subfield>
<subfield code="a">Suyūṭī,</subfield>
<subfield code="d">1445-1505.</subfield>
<subfield code="t">ʻUqūd al-jumān.</subfield>
</datafield>
<datafield tag="700" ind1="1" ind2=" ">
<subfield code="6">880-08</subfield>
<subfield code="a">Akhḍārī, ʻAbd al-Raḥmān ibn Muḥammad,</subfield>
<subfield code="d">active 1543.</subfield>
<subfield code="t">Jawhar al-maknūn.</subfield>
</datafield>
<datafield tag="700" ind1="1" ind2=" ">
<subfield code="6">880-09</subfield>
<subfield code="a">Damanhūrī, Aḥmad ibn ʻAbd al-Munʻim.</subfield>
<subfield code="t">Ḥilyat al-lubb al-maṣūn.</subfield>
</datafield>
<datafield tag="880" ind1="1" ind2=" ">
<subfield code="6">100-01/</subfield>
<subfield code="a">سيوطى،</subfield>
<subfield code="d">1505-1445.</subfield>
</datafield>
<datafield tag="880" ind1="1" ind2="0">
<subfield code="6">245-02/</subfield>
<subfield code="a">شرح عقود الجمان فى علم المعانى والبيان /</subfield>
<subfield code="c">تأليف جلال الدين عبدالرحمن السيوطى. وبهامشه حلية اللب المصون على الجوهر المكنون / أحمد الدمنهورى.</subfield>
</datafield>
<datafield tag="880" ind1="3" ind2=" ">
<subfield code="6">246-03/</subfield>
<subfield code="a">عقود الجمان</subfield>
</datafield>
<datafield tag="880" ind1="3" ind2=" ">
<subfield code="6">246-04/</subfield>
<subfield code="a">جواهر المكنون</subfield>
</datafield>
<datafield tag="880" ind1="3" ind2=" ">
<subfield code="6">246-05/</subfield>
<subfield code="a">حلية اللب المصون</subfield>
</datafield>
<datafield tag="880" ind1=" " ind2=" ">
<subfield code="6">260-06/</subfield>
<subfield code="a">[القاهرة] :</subfield>
<subfield code="b">مطبعة مصطفى البابي الحلبي،</subfield>
<subfield code="c">1939.</subfield>
</datafield>
<datafield tag="880" ind1="1" ind2="2">
<subfield code="6">700-07/</subfield>
<subfield code="a">سيوطى،</subfield>
<subfield code="d">1505-1445.</subfield>
<subfield code="t">عقود الجمان.</subfield>
</datafield>
<datafield tag="880" ind1="1" ind2="2">
<subfield code="6">700-08/</subfield>
<subfield code="a">أخضرى، عبدالرحمن بن محمد،</subfield>
<subfield code="d">active 1543.</subfield>
<subfield code="t">جوهر المكنون.</subfield>
</datafield>
<datafield tag="880" ind1="1" ind2=" ">
<subfield code="6">700-09/</subfield>
<subfield code="a">دمنهوري، احمد بن عبد المنعم.</subfield>
<subfield code="t">حلية اللب المصون.</subfield>
</datafield>
<datafield tag="OWN" ind1=" " ind2=" ">
<subfield code="a">GENERAL</subfield>
</datafield>
<datafield tag="AVA" ind1=" " ind2=" ">
<subfield code="a">NYU50</subfield>
<subfield code="b">BOBST</subfield>
<subfield code="c">Main Collection</subfield>
<subfield code="d">PJ6161 .A353 1939</subfield>
<subfield code="e">unavailable</subfield>
<subfield code="t">Unavailable</subfield>
<subfield code="f">1</subfield>
<subfield code="g">1</subfield>
<subfield code="h">N</subfield>
<subfield code="i">0</subfield>
<subfield code="j">MAIN</subfield>
<subfield code="k">0</subfield>
</datafield>
</record>
